

@article{Sun2012ADP,
  title={A Data Processing Method for Swept-Volumetric Three-Dimensional Display},
  author={Chuanwei Sun and Jingao Liu and Mingming Cai and Jing Bei and C. Zhang},
  journal={2012 Fourth International Symposium on Information Science and Engineering},
  year={2012},
  pages={74-77},
  url={https://api.semanticscholar.org/CorpusID:14214549}
}

@article{Sun2014AnID,
  title={An Improved Design of 3D Swept-Volume Volumetric Display},
  author={Chuanwei Sun and Xiaowei Chang and Mingming Cai and Jingao Liu},
  journal={J. Comput.},
  year={2014},
  volume={9},
  pages={235-242},
  url={https://api.semanticscholar.org/CorpusID:9704462%7D}

}
@misc{mitxela_candle,
  author = {mitxela},
  title = {Candle},
  howpublished = {\url{https://github.com/mitxela/candle}},
  year = {2024},
}
